@INPROCEEDINGS{barni, 
author={A. {Gironi} and M. {Fontani} and T. {Bianchi} and A. {Piva} and M. {Barni}}, 
booktitle={2014 IEEE International Conference on Acoustics, Speech and Signal Processing (ICASSP)}, 
title={A video forensic technique for detecting frame deletion and insertion}, 
year={2014}, 
volume={}, 
number={}, 
pages={6226-6230},  
doi={10.1109/ICASSP.2014.6854801}, 
ISSN={1520-6149}, 
month={May},}

@ARTICLE{stamm, 
author={M. C. {Stamm} and W. S. {Lin} and K. J. R. {Liu}}, 
journal={IEEE Transactions on Information Forensics and Security}, 
title={Temporal Forensics and Anti-Forensics for Motion Compensated Video}, 
year={2012}, 
volume={7}, 
number={4}, 
pages={1315-1329}, 
doi={10.1109/TIFS.2012.2205568}, 
ISSN={1556-6013}, 
month={Aug},}

@inproceedings{wang,
 author = {Wang, Weihong and Farid, Hany},
 title = {Exposing Digital Forgeries in Video by Detecting Double MPEG Compression},
 booktitle = {Proceedings of the 8th Workshop on Multimedia and Security},
 series = {MM\&\#38;Sec '06},
 year = {2006},
 isbn = {1-59593-493-6},
 location = {Geneva, Switzerland},
 pages = {37--47},
 numpages = {11},
 url = {http://doi.acm.org/10.1145/1161366.1161375},
 doi = {10.1145/1161366.1161375},
 acmid = {1161375},
 publisher = {ACM},
 address = {New York, NY, USA},
}

@inproceedings{doubleJPEG,
  title = {Estimation of primary quantization matrix in double compressed JPEG images},
  author = {Luk{\'a}{\v{s}}, Jan and Fridrich, Jessica},
  booktitle = {Proc. Digital forensic research workshop},
  pages = {5--8},
  year = {2003}
}

@inproceedings{doubleJPEG2,
  title={Statistical tools for digital forensics},
  author={Popescu, Alin C and Farid, Hany},
  booktitle={International Workshop on Information Hiding},
  pages={128--147},
  year={2004},
  organization={Springer}
}

@Article{svm,
author="Cortes, Corinna
and Vapnik, Vladimir",
title="Support-vector networks",
journal="Machine Learning",
year="1995",
month="Sep",
day="01",
volume="20",
number="3",
pages="273--297",
issn="1573-0565",
doi="10.1007/BF00994018",
url="https://doi.org/10.1007/BF00994018",
}

@techreport{mpeg2,
address = {Geneva, Switzerland},
type = {Standard},
title = {Information technology - {Generic} coding of moving {video} {pictures} and associated {audio} information - part 2: Video},
shorttitle = {{ISO}/{IEC} {IS} 13818-2},
language = {en},
number = {ISO/IEC IS 13818-2},
institution = {International Organization for Standardization},
author = {{ISO Central Secretary}},
year = {2008},
}

@techreport{h264,
address = {Geneva, Switzerland},
type = {Standard},
title = {Information technology - coding of {audio-visual} objects - part 10: Advanced video coding (avc)},
shorttitle = {{ISO}/{IEC} {IS} 14496-10},
language = {en},
number = {ISO/IEC IS 14496-10},
institution = {International Organization for Standardization},
author = {{ISO Central Secretary}},
year = {2010},
}

@article{h264Overview,
 author = {Wiegand, T. and Sullivan, G. J. and Bjontegaard, G. and Luthra, A.},
 title = {Overview of the H.264/AVC Video Coding Standard},
 journal = {IEEE Trans. Cir. and Sys. for Video Technol.},
 issue_date = {July 2003},
 volume = {13},
 number = {7},
 month = jul,
 year = {2003},
 issn = {1051-8215},
 pages = {560--576},
 numpages = {17},
 url = {https://doi.org/10.1109/TCSVT.2003.815165},
 doi = {10.1109/TCSVT.2003.815165},
 publisher = {IEEE Press},
 address = {Piscataway, NJ, USA},
}

 
