@INPROCEEDINGS{barni, 
author={A. {Gironi} and M. {Fontani} and T. {Bianchi} and A. {Piva} and M. {Barni}}, 
booktitle={2014 IEEE International Conference on Acoustics, Speech and Signal Processing (ICASSP)}, 
title={A video forensic technique for detecting frame deletion and insertion}, 
year={2014}, 
volume={}, 
number={}, 
pages={6226-6230},  
doi={10.1109/ICASSP.2014.6854801}, 
ISSN={1520-6149}, 
month={May},}

@ARTICLE{stamm, 
author={M. C. {Stamm} and W. S. {Lin} and K. J. R. {Liu}}, 
journal={IEEE Transactions on Information Forensics and Security}, 
title={Temporal Forensics and Anti-Forensics for Motion Compensated Video}, 
year={2012}, 
volume={7}, 
number={4}, 
pages={1315-1329}, 
doi={10.1109/TIFS.2012.2205568}, 
ISSN={1556-6013}, 
month={Aug},}

@inproceedings{wang,
 author = {Wang, Weihong and Farid, Hany},
 title = {Exposing Digital Forgeries in Video by Detecting Double MPEG Compression},
 booktitle = {Proceedings of the 8th Workshop on Multimedia and Security},
 series = {MM\&\#38;Sec '06},
 year = {2006},
 isbn = {1-59593-493-6},
 location = {Geneva, Switzerland},
 pages = {37--47},
 numpages = {11},
 url = {http://doi.acm.org/10.1145/1161366.1161375},
 doi = {10.1145/1161366.1161375},
 acmid = {1161375},
 publisher = {ACM},
 address = {New York, NY, USA},
}

@inproceedings{doubleJPEG,
  title = {Estimation of primary quantization matrix in double compressed JPEG images},
  author = {Luk{\'a}{\v{s}}, Jan and Fridrich, Jessica},
  booktitle = {Proc. Digital forensic research workshop},
  pages = {5--8},
  year = {2003}
}

@inproceedings{doubleJPEG2,
  title={Statistical tools for digital forensics},
  author={Popescu, Alin C and Farid, Hany},
  booktitle={International Workshop on Information Hiding},
  pages={128--147},
  year={2004},
  organization={Springer}
}

@Article{svm,
author="Cortes, Corinna
and Vapnik, Vladimir",
title="Support-vector networks",
journal="Machine Learning",
year="1995",
month="Sep",
day="01",
volume="20",
number="3",
pages="273--297",
issn="1573-0565",
doi="10.1007/BF00994018",
url="https://doi.org/10.1007/BF00994018",
}

@techreport{mpeg2,
address = {Geneva, Switzerland},
type = {Standard},
title = {Information technology - {Generic} coding of moving {video} {pictures} and associated {audio} information - part 2: Video},
shorttitle = {{ISO}/{IEC} {IS} 13818-2},
language = {en},
number = {ISO/IEC IS 13818-2},
institution = {International Organization for Standardization},
author = {{ISO Central Secretary}},
year = {2008},
}

@techreport{h264,
address = {Geneva, Switzerland},
type = {Standard},
title = {Information technology - coding of {audio-visual} objects - part 10: Advanced video coding (avc)},
shorttitle = {{ISO}/{IEC} {IS} 14496-10},
language = {en},
number = {ISO/IEC IS 14496-10},
institution = {International Organization for Standardization},
author = {{ISO Central Secretary}},
year = {2010},
}

@article{h264Overview,
 author = {Wiegand, T. and Sullivan, G. J. and Bjontegaard, G. and Luthra, A.},
 title = {Overview of the H.264/AVC Video Coding Standard},
 journal = {IEEE Trans. Cir. and Sys. for Video Technol.},
 issue_date = {July 2003},
 volume = {13},
 number = {7},
 month = jul,
 year = {2003},
 issn = {1051-8215},
 pages = {560--576},
 numpages = {17},
 url = {https://doi.org/10.1109/TCSVT.2003.815165},
 doi = {10.1109/TCSVT.2003.815165},
 publisher = {IEEE Press},
 address = {Piscataway, NJ, USA},
}

@article{plattscaling,
author = {Platt, John},
year = {2000},
month = {06},
pages = {},
title = {Probabilistic Outputs for Support Vector Machines and Comparisons to Regularized Likelihood Methods},
volume = {10},
journal = {Adv. Large Margin Classif.}
} 

@InBook{ARmodels,
ALTauthor = {Haykin, Simon},
title = {Adaptive Filter Theory},
chapter = {1},
publisher = {Prentice Hall},
year = {2002},
OPTseries = {Prentice Hall Information and System Sciences},
OPTedition = {Fourth},
OPTpages = {35-57},
}

@INPROCEEDINGS{Liu, 
author={J. {Liu} and X. {Kang}}, 
booktitle={2016 Asia-Pacific Signal and Information Processing Association Annual Summit and Conference (APSIPA)}, 
title={Exposing heterogeneous chain of video recompression}, 
year={2016}, 
volume={}, 
number={}, 
pages={1-6}, 
doi={10.1109/APSIPA.2016.7820694}, 
ISSN={}, 
month={Dec},}

@INPROCEEDINGS{Mandelli, 
author={S. {Mandelli} and P. {Bestagini} and S. {Tubaro} and D. {Cozzolino} and L. {Verdoliva}}, 
booktitle={2018 26th European Signal Processing Conference (EUSIPCO)}, 
title={Blind Detection and Localization of Video Temporal Splicing Exploiting Sensor-Based Footprints}, 
year={2018}, 
volume={}, 
number={}, 
pages={1362-1366}, 
doi={10.23919/EUSIPCO.2018.8553511}, 
ISSN={2076-1465}, 
month={Sep.},}

@INPROCEEDINGS{Vazquez, 
author={D. {Vazquez-Padin} and M. {Fontani} and T. {Bianchi} and P. {Comesana} and A. {Piva} and M. {Barni}}, 
booktitle={2012 IEEE International Workshop on Information Forensics and Security (WIFS)}, 
title={Detection of video double encoding with GOP size estimation}, 
year={2012}, 
volume={}, 
number={}, 
pages={151-156}, 
doi={10.1109/WIFS.2012.6412641}, 
ISSN={2157-4766}, 
month={Dec},}

@article{imagesourceid,
author = {Bayar, Belhassen and Stamm, MatthewC},
year = {2017},
month = {01},
pages = {77-86},
title = {Design Principles of Convolutional Neural Networks for Multimedia Forensics},
volume = {2017},
journal = {Electronic Imaging},
doi = {10.2352/ISSN.2470-1173.2017.7.MWSF-328}
}

@article{prnu,
author = {Luk√°s, Jan and Fridrich, Jessica and Goljan, Miroslav},
year = {2006},
month = {07},
pages = {205 - 214},
title = {Digital Camera Identification From Sensor Pattern Noise},
volume = {1},
journal = {Information Forensics and Security, IEEE Transactions on},
doi = {10.1109/TIFS.2006.873602}
}

@INPROCEEDINGS{videosourceid, 
author={B. {Hosler} and O. {Mayer} and B. {Bayar} and X. {Zhao} and C. {Chen} and J. A. {Shackleford} and M. C. {Stamm}}, 
booktitle={ICASSP 2019 - 2019 IEEE International Conference on Acoustics, Speech and Signal Processing (ICASSP)}, 
title={A Video Camera Model Identification System Using Deep Learning and Fusion}, 
year={2019}, 
volume={}, 
number={}, 
pages={8271-8275},  
doi={10.1109/ICASSP.2019.8682608}, 
ISSN={2379-190X}, 
month={May},}

@INPROCEEDINGS{contrastenhance, 
author={M. {Stamm} and K. J. R. {Liu}}, 
booktitle={2008 15th IEEE International Conference on Image Processing}, 
title={Blind forensics of contrast enhancement in digital images}, 
year={2008}, 
volume={}, 
number={}, 
pages={3112-3115}, 
doi={10.1109/ICIP.2008.4712454}, 
ISSN={1522-4880}, 
month={Oct},}

@INPROCEEDINGS{resampling, 
author={M. {Kirchner} and T. {Gloe}}, 
booktitle={2009 First IEEE International Workshop on Information Forensics and Security (WIFS)}, 
title={On resampling detection in re-compressed images}, 
year={2009}, 
volume={}, 
number={}, 
pages={21-25}, 
doi={10.1109/WIFS.2009.5386489}, 
ISSN={2157-4766}, 
month={Dec},}

@ARTICLE{lca, 
author={O. {Mayer} and M. C. {Stamm}}, 
journal={IEEE Transactions on Information Forensics and Security}, 
title={Accurate and Efficient Image Forgery Detection Using Lateral Chromatic Aberration}, 
year={2018}, 
volume={13}, 
number={7}, 
pages={1762-1777}, 
doi={10.1109/TIFS.2018.2799421}, 
ISSN={1556-6013}, 
month={July},}